<record><leader>00000cas a2200000 a 4500</leader><controlfield tag="001">15434101</controlfield><controlfield tag="007">hd afb---buuu</controlfield><controlfield tag="008">870330u1853uuuuncucr n a     0    0eng c</controlfield><datafield ind1=" " ind2=" " tag="010"><subfield code="a">  2010229758</subfield></datafield><datafield ind1=" " ind2=" " tag="040"><subfield code="a">NCS</subfield><subfield code="b">eng</subfield><subfield code="c">NCS</subfield><subfield code="d">OCL</subfield><subfield code="d">OCLCQ</subfield><subfield code="d">HLS</subfield><subfield code="d">FUG</subfield><subfield code="d">OCLCQ</subfield><subfield code="d">OCLCF</subfield><subfield code="d">OCLCO</subfield></datafield><datafield ind1=" " ind2=" " tag="042"><subfield code="a">pcc</subfield></datafield><datafield ind1=" " ind2=" " tag="043"><subfield code="a">n-us-nc</subfield></datafield><datafield ind1="0" ind2=" " tag="130"><subfield code="a">Semi-weekly standard (Raleigh, N.C. : 1853)</subfield></datafield><datafield ind1="1" ind2="0" tag="245"><subfield code="a">Semi-weekly standard</subfield><subfield code="h">[microform].</subfield></datafield><datafield ind1="1" ind2="3" tag="246"><subfield code="a">Tri-weekly standard</subfield></datafield><datafield ind1="1" ind2="3" tag="246"><subfield code="a">North-Carolina standard</subfield></datafield><datafield ind1=" " ind2=" " tag="260"><subfield code="a">Raleigh, N.C. :</subfield><subfield code="b">William W. Holden,</subfield><subfield code="c">1853-</subfield></datafield><datafield ind1=" " ind2=" " tag="300"><subfield code="a">v. :</subfield><subfield code="b">ill.</subfield></datafield><datafield ind1=" " ind2=" " tag="310"><subfield code="a">Semiweekly</subfield></datafield><datafield ind1="0" ind2=" " tag="362"><subfield code="a">Vol. 3, no. 73 (July 30, 1853)-</subfield></datafield><datafield ind1=" " ind2=" " tag="500"><subfield code="a">Published as: Tri-weekly standard, during legislative sessions 1853-1856. Cf Gregory W. Amer. Newspapers.</subfield></datafield><datafield ind1=" " ind2=" " tag="500"><subfield code="a">Running title: North-Carolina standard.</subfield></datafield><datafield ind1=" " ind2=" " tag="500"><subfield code="a">Title on microfilm box: North Carolina standard, semiweekly.</subfield></datafield><datafield ind1=" " ind2=" " tag="580"><subfield code="a">Filmed with: North Carolina standard ; Semi-weekly North-Carolina standard.</subfield></datafield><datafield ind1=" " ind2=" " tag="588"><subfield code="a">Description based on: Vol. 3, no. 73 (July 30, 1853); title from masthead.</subfield></datafield><datafield ind1=" " ind2=" " tag="588"><subfield code="a">Latest issue consulted: Vol. 15, no. 24 (Mar. 24, 1865).</subfield></datafield><datafield ind1=" " ind2=" " tag="533"><subfield code="a">Microfilm.</subfield><subfield code="b">Raleigh, N.C. :</subfield><subfield code="c">N.C. Dept. of Archives and History, Division of Archives and Manuscripts.</subfield><subfield code="e">microfilm reels ; 35 mm.</subfield></datafield><datafield ind1=" " ind2="0" tag="651"><subfield code="a">Raleigh (N.C.)</subfield><subfield code="v">Periodicals.</subfield></datafield><datafield ind1=" " ind2="7" tag="655"><subfield code="a">Periodicals.</subfield><subfield code="2">fast</subfield><subfield code="0">(OCoLC)fst01411641</subfield></datafield><datafield ind1=" " ind2="7" tag="651"><subfield code="a">North Carolina</subfield><subfield code="z">Raleigh.</subfield><subfield code="2">fast</subfield><subfield code="0">(OCoLC)fst01206341</subfield></datafield><datafield ind1=" " ind2=" " tag="752"><subfield code="a">United States</subfield><subfield code="b">North Carolina</subfield><subfield code="c">Wake</subfield><subfield code="d">Raleigh.</subfield></datafield><datafield ind1="1" ind2=" " tag="776"><subfield code="t">Semi-weekly standard (Raleigh, N.C.)</subfield><subfield code="w">(OCoLC)9479345</subfield></datafield><datafield ind1="0" ind2="0" tag="780"><subfield code="t">Semi-weekly North-Carolina standard (Raleigh, N.C. : 1852)</subfield><subfield code="w">(OCoLC)15434070</subfield></datafield><datafield ind1="0" ind2="0" tag="785"><subfield code="t">Tri-weekly standard (Raleigh N.C.)</subfield><subfield code="w">(OCoLC)39204558</subfield></datafield></record>